@MISC{vc,
    author  =   {Hieber, Roland and Hennig, Stephan},
    title   =   {The \texttt{vc} bundle},
    howpublished = {\url{https://ctan.org/pkg/vc?lang=en}},
    year    =   {2018}
}

@MISC{latex-base,
    author  =   {Evan Berkowitz},
    title   =   {{Example \LaTeX + \texttt{git}}},
    howpublished = {\url{https://www.github.com/evanberkowitz/latex-base}},
    year    =   {2018}
}

@MISC{watchman,
    author = {Facebook},
    title = {\texttt{Watchman}},
    howpublished= {\url{https://facebook.github.io/watchman/}},
    year = {2012},
}

@MISC{when-changed,
    author = {Johannes H. Jensen},
    title = {\texttt{when-changed}},
    howpublished = {\url{https://github.com/joh/when-changed}}
}

@MISC{git-latexdiff,
	author = {Matthieu Moy},
	title = {\texttt{git latexdiff}},
	howpublished={\url{https://gitlab.com/git-latexdiff/git-latexdiff}}
}
